
@article{bentoSpatialDiffusionFormation2015,
  title = {Spatial Diffusion and the Formation of a Technological Innovation System in the Receiving Country: {{The}} Case of Wind Energy in {{Portugal}}},
  shorttitle = {Spatial Diffusion and the Formation of a Technological Innovation System in the Receiving Country},
  author = {Bento, Nuno and Fontes, Margarida},
  year = {2015},
  month = jun,
  journal = {Environmental Innovation and Societal Transitions},
  volume = {15},
  pages = {158--179},
  issn = {22104224},
  doi = {10.1016/j.eist.2014.10.003},
  langid = {english}
}

@article{vanhaarenGISbasedWindFarm2011,
  title = {{{GIS-based}} Wind Farm Site Selection Using Spatial Multi-Criteria Analysis ({{SMCA}}): {{Evaluating}} the Case for {{New York State}}},
  shorttitle = {{{GIS-based}} Wind Farm Site Selection Using Spatial Multi-Criteria Analysis ({{SMCA}})},
  author = {{van Haaren}, Rob and Fthenakis, Vasilis},
  year = {2011},
  month = sep,
  journal = {Renewable and Sustainable Energy Reviews},
  volume = {15},
  number = {7},
  pages = {3332--3340},
  issn = {13640321},
  doi = {10.1016/j.rser.2011.04.010},
  langid = {english}
}


